@book{Geisler1980,
    editor = {Norman L. Geisler},
    title = {Inerrancy},
    location = {Grand Rapids, MI},
    publisher = {Zondervan},
    year = {1980}
}
@book{Worthington2012,
    author = {Martin Worthington},
    title = {Principles of {A}kkadian Textual Criticism},
    shorttitle = {Principles},
    series = {Studies in Ancient Near Eastern Records},
    shortseries = {SANER},
    number = {1},
    location = {Berlin},
    publisher = {De Gruyter},
    year = {2012}
}
@article{Saenger1975,
    author = {Paul Saenger},
    title = {{C}olard {M}ansion and the Evolution of the Printed Book},
    shorttitle = {{C}olard {M}ansion},
    journal = {The Library Quarterly},
    volume = {45},
    number = {4},
    year = {1975},
    pages = {405--418}
}
@incollection{Reece2005,
    author = {Steve Reece},
    title = {Homer's \emph{Iliad} and \emph{Odyssey}: From Oral Performance to Written Text},
    shorttitle = {Homer's \emph{Iliad} and \emph{Odyssey}},
    booktitle = {New Directions in Oral Theory: Essays on Ancient and Medieval Literatures},
    editor = {Mark C. Amodio},
    series = {Medieval and Renaissance Texts and Studies},
    shortseries = {MRTS},
    number = {287},
    location = {Tempe, AZ},
    publisher = {Arizona Center for Medieval and Renaissance Studies},
    year = {2005},
    pages = {43--89}
}
@book{Ginsburg1998,
    author = {David Ginsburg},
    title = {\Heb{תורה נביאים כתובים והברית החדשה}},
    location = {London},
    publisher = {Trinitarian Bible Society},
    year = {1998}
}
@book{BHS5,
    title = {Biblia Hebraica Stuttgartensia},
    shorttitle = {BHS},
    edition = {5},
    location = {Stuttgart},
    publisher = {Deutsche Bibelgesellschaft},
    year = {1997}
}
@book{JC2,
    editor = {Yosef Ofer},
    title = {\Heb{כתר ירושלים תנ״ך האוניברסיתה בעברית בירושלים}},
    shorttitle = {\Heb{כתר ירושלים}},
    edition = {2},
    location = {Jerusalem},
    publisher = {N. Ben-Zvi},
    year = {2004}
}
@book{JC2Companion,
    editor = {Mordechai Glatzer},
    title = {The {B}ible of the {H}ebrew {U}niversity of {J}erusalem according to the {A}leppo {C}odex: Companion Volume},
    shorttitle = {Companion Volume},
    location = {Jerusalem},
    publisher = {N. Ben-Zvi},
    year = {2002}
}
@book{Davidson1855,
    author = {Samuel Davidson},
    title = {The {H}ebrew Text of the {O}ld {T}estament, Revised from Critical Sources},
    shorttitle = {{H}ebrew Text of the {O}ld {T}estament},
    location = {London},
    publisher = {Samuel Bagster and Sons},
    year = {1855}
}
@book{BT2016,
    author = {Ellis R. Brotzman and Eric L. Tully},
    title = {{O}ld {T}estament Textual Criticism: A Practical Introduction},
    shorttitle = {{O}ld {T}estament Textual Criticism},
    edition = {2},
    location = {Grand Rapids, MI},
    publisher = {Baker Academic},
    year = {2016}
}
@book{Tov2012,
    author = {Emanuel Tov},
    title = {Textual Criticism of the {H}ebrew {B}ible},
    shorttitle = {Textual Criticism},
    edition = {3},
    location = {Minneapolis, MN},
    publisher = {Fortress},
    year = {2012}
}
@book{Bolling1925,
    author = {George Melville Bolling},
    title = {The External Evidence for Interpolation in {H}omer},
    shorttitle = {External Evidence},
    location = {Oxford},
    publisher = {Clarendon},
    year = {1925}
}
@book{Bruce1988,
    author = {F. F. Bruce},
    title = {The Canon of {S}cripture},
    shorttitle = {Canon},
    location = {Downer's Grove, IL},
    publisher = {InterVarsity},
    year = {1988}
}
@book{Ulrich2017,
    author = {Eugene Ulrich},
    title = {The Developmental Composition of the {B}ible},
    shorttitle = {Developmental Composition},
    series = {Supplements to \emph{Vetus Testamentum}},
    shortseries = {VTSup},
    number = {169},
    location = {Leiden},
    publisher = {Brill},
    year = {2017}
}
@book{Blau2010,
    author = {Joshua Blau},
    title = {Phonology and Morphology of Biblical {H}ebrew},
    shorttitle = {Phonology},
    series = {Linguistic Studies in Ancient West Semitic},
    shortseries = {LSAWS},
    number = {2},
    location = {Winona Lake, IN},
    publisher = {Eisenbrauns},
    year = {2010}
}
@book{Carbajosa2008,
    author = {Ignacio Carbajosa},
    title = {The Character of the {S}yriac Version of {P}salms: A Study of {P}salms 90–150 in the {P}eshitta},
    shorttitle = {Character of the {S}yriac Version of {P}salms},
    series = {Monographs of the Peshitta Institute Leiden},
    shortseries = {MPIL},
    number = {17},
    location = {Leiden},
    publisher = {Brill},
    year = {2008}
}
@book{Ginsburg1897,
    author = {Christian D. Ginsburg},
    title = {Introduction to the {M}assoretico-Critical Edition of the {H}ebrew {B}ible},
    shorttitle = {Introduction},
    location = {London},
    publisher = {Trinitarian Bible Society},
    year = {1897}
}
@book{THB1A,
    editor = {Armin Lange and Emanuel Tov},
    title = {Textual History of the Bible},
    shorttitle = {THB},
    volume = {1A: The Hebrew Bible; Overview Articles},
    location = {Leiden},
    publisher = {Brill},
    year = {2016}
}
@book{THB1B,
    editor = {Armin Lange and Emanuel Tov},
    title = {Textual History of the Bible},
    shorttitle = {THB},
    volume = {1B: The Hebrew Bible; Pentateuch, Former and Latter Prophets},
    location = {Leiden},
    publisher = {Brill},
    year = {2016}
}
@book{THB1C,
    editor = {Armin Lange and Emanuel Tov},
    title = {Textual History of the Bible},
    shorttitle = {THB},
    volume = {1C: The Hebrew Bible; Writings},
    location = {Leiden},
    publisher = {Brill},
    year = {2017}
}
@book{THB2B,
    editor = {Frank Feder and Matthias Henze},
    title = {Textual History of the Bible},
    shorttitle = {THB},
    volume = {2B: The Deuterocanonical Scriptures; Baruch/Jeremiah, Daniel (Additions), Ecclesiasticus/Ben Sira, Enoch, Esther (Additions), Ezra},
    location = {Leiden},
    publisher = {Brill},
    year = {2019}
}
@book{Yardeni2002,
    editor = {Ada Yardeni},
    title = {The Book of {H}ebrew Script: History, Palaeography, Script Styles, Calligraphy \& Design},
    shorttitle = {Book of {H}ebrew Script},
    location = {New Castle, DE},
    publisher = {Oak Knoll},
    year = {2002}
}
@book{Hendel2016,
    author = {Ronald Hendel},
    title = {Steps to a New Edition of the {H}ebrew {B}ible},
    shorttitle = {Steps},
    series = {Text-Critical Studies},
    shortseries = {TCST},
    number = {10},
    location = {Atlanta, GA},
    publisher = {SBL Press},
    year = {2016}
}
@book{SRGNT,
    editor = {Joey McCollum and Stephen L. Brown},
    title = {{S}olid {R}ock {G}reek {N}ew {T}estament: Scholar's Edition},
    shorttitle = {SRGNT},
    location = {North Conway, NH},
    publisher = {Solid Rock Publications},
    year = {2018}
}
@book{NA28,
    editor = {Barbara Aland and Kurt Aland and Johannes Karavidopoulos and Carlo M. Martini and Bruce M. Metzger},
    title = {Novum Testamentum Graece},
    shorttitle = {NA\textsuperscript{28}},
    edition = {28},
    location = {Stuttgart},
    publisher = {Deutsche Bibelgesellschaft},
    year = {2012}
}
@book{Garrett1997,
    author = {Duane A. Garrett},
    title = {{H}osea, {J}oel: An Exegetical and Theological Exposition of {H}oly {S}cripture},
    shorttitle = {{H}osea, {J}oel},
    series = {New American Commentary},
    shortseries = {NAC},
    number = {19A},
    location = {Nashville, TN},
    publisher = {Broadman and Holman},
    year = {1997}
}
@book{Block1999,
    author = {Daniel I. Block},
    title = {{J}udges, {R}uth: An Exegetical and Theological Exposition of {H}oly {S}cripture},
    shorttitle = {{J}udges, {R}uth},
    series = {New American Commentary},
    shortseries = {NAC},
    number = {6},
    location = {Nashville, TN},
    publisher = {Broadman and Holman},
    year = {1999}
}
@book{dWJT2014,
    author = {Nancy deClaissé-Walford and Rolf A. Jacobson and Beth LaNeel Tanner},
    title = {The Book of {P}salms},
    shorttitle = {Psalms},
    series = {New International Commentary on the Old Testament},
    shortseries = {NICOT},
    location = {Grand Rapids, MI},
    publisher = {Eerdmans},
    year = {2014}
}
@book{Tsumura2019,
    author = {David Toshio Tsumura},
    title = {The Second Book of {S}amuel},
    shorttitle = {{S}econd Book of {S}amuel},
    series = {New International Commentary on the Old Testament},
    shortseries = {NICOT},
    location = {Grand Rapids, MI},
    publisher = {Eerdmans},
    year = {2019}
}
@book{HALOT,
    author = {Ludwig Koehler and Walter Baumgartner},
    title = {The {H}ebrew and {A}ramaic Lexicon of the {O}ld {T}estament},
    shorttitle = {HALOT},
    editor = {M. E. J. Richardson},
    volumes = {2},
    location = {Leiden},
    publisher = {Brill},
    year = {2001}
}
@book{Muchiki1993,
    author = {Yoshiyuki Muchiki},
    title = {{E}gyptian Proper Names and Loanwords in {N}orth-{W}est {S}emitic},
    shorttitle = {Egyptian Proper Names},
    series = {Society of Biblical Literature Dissertation Series},
    shortseries = {SBLDS},
    number = {173},
    location = {Atlanta, GA},
    publisher = {Scholars Press},
    year = {1993}
}
@book{Noonan2019,
    author = {Benjamin J. Noonan},
    title = {Non-{S}emitic Loanwords in the {H}ebrew {B}ible: A Lexicon of Language Contact},
    shorttitle = {Non-{S}emitic Loanwords in the {H}ebrew {B}ible},
    series = {Linguistic Studies in Ancient West Semitic},
    shortseries = {LSAWS},
    number = {14},
    location = {Winona Lake, IN},
    publisher = {Eisenbrauns},
    year = {2019}
}
@book{HBH1,
    editor = {W. Randall Garr and Steven E. Fassberg},
    title = {A Handbook of {B}iblical {H}ebrew},
    shorttitle = {Handbook of {B}iblical {H}ebrew},
    volume = {1: Periods, Corpora, and Reading Traditions},
    location = {Winona Lake, IN},
    publisher = {Eisenbrauns},
    year = {2016}
}
@article{Huehnergard1983,
    author = {John Huehnergard},
    title = {Asseverative *\emph{la} and Hypothetical *\emph{lu}/\emph{law} in {S}emitic},
    shorttitle = {Asseverative *\emph{la} and Hypothetical *\emph{lu}/\emph{law}},
    journal = {Journal of the American Oriental Society},
    shortjournal = {JAOS},
    volume = {103},
    number = {3},
    year = {1983},
    pages = {569--593}
}
@book{McCarthy2005,
    editor = {Carmel McCarthy},
    title = {Deuteronomy},
    series = {Biblica Hebraica Quinta},
    shortseries = {BHQ},
    number = {5},
    location = {Stuttgart},
    publisher = {Deutsche Bibelgesellschaft},
    year = {2005}
}
@book{Marcus2006,
    editor = {David Marcus},
    title = {{E}zra and {N}ehemiah},
    series = {Biblica Hebraica Quinta},
    shortseries = {BHQ},
    number = {20},
    location = {Stuttgart},
    publisher = {Deutsche Bibelgesellschaft},
    year = {2006}
}
@book{WDGSS2007,
    editor = {J. de Waard and P. B. Dirksen and Y. A. P. Goldman and R. Schäfer and M. Sæbø},
    title = {General Introduction and Megilloth},
    series = {Biblica Hebraica Quinta},
    shortseries = {BHQ},
    number = {18},
    location = {Stuttgart},
    publisher = {Deutsche Bibelgesellschaft},
    year = {2007}
}
@book{Marcos2012,
    editor = {Natalio Fernandez Marcos},
    title = {Judges},
    series = {Biblica Hebraica Quinta},
    shortseries = {BHQ},
    number = {7},
    location = {Stuttgart},
    publisher = {Deutsche Bibelgesellschaft},
    year = {2012}
}
@article{Marcus2018,
    author = {David Marcus},
    title = {Does the \emph{Yod} of נַפְשִׁי in {P}s 24:4 Represent a Miniscule \emph{Waw}?},
    series = {Textus},
    volume = {27},
    year = {2018},
    pages = {122--134}
}
@book{Carr2005,
    author = {David M. Carr},
    title = {Writing on the Tablet of the Heart: Origins of {S}cripture and Literature},
    shorttitle = {Writing on the Tablet of the Heart},
    location = {Oxford},
    publisher = {University Press},
    year = {2005}
}
@incollection{Lange2016,
    author = {Armin Lange},
    title = {A Critical Edition of the {H}ebrew {B}ible between the {D}ead {S}ea Scrolls to the {M}asoretic Text},
    shorttitle = {Critical Edition},
    booktitle = {The Text of the Hebrew Bible and Its Editions: Studies in Celebration of the Fifth Centennial of the Complutensian Polyglot},
    editor = {Andrés Piquer Otero and Pablo A. Torijano Morales},
    series = {Supplements to the Textual History of the Bible},
    shortseries = {THBSup},
    number = {1},
    location = {Leiden},
    publisher = {Brill},
    year = {2016},
    pages = {107--142}
}
@incollection{Barrera2016,
    author = {Julio Trebolle Barrera},
    title = {From Secondary Versions through {G}reek Recensions to {H}ebrew Editions},
    shorttitle = {From Secondary Versions},
    booktitle = {The Text of the Hebrew Bible and Its Editions: Studies in Celebration of the Fifth Centennial of the Complutensian Polyglot},
    editor = {Andrés Piquer Otero and Pablo A. Torijano Morales},
    series = {Supplements to the Textual History of the Bible},
    shortseries = {THBSup},
    number = {1},
    location = {Leiden},
    publisher = {Brill},
    year = {2016},
    pages = {180--216}
}
@incollection{vanderKooij,
    author = {Arie van der Kooij},
    title = {Compositions and Editions in Early {J}udaism. The Case of {D}aniel},
    shorttitle = {Compositions and Editions in Early {J}udaism},
    booktitle = {The Text of the Hebrew Bible and Its Editions: Studies in Celebration of the Fifth Centennial of the Complutensian Polyglot},
    editor = {Andrés Piquer Otero and Pablo A. Torijano Morales},
    series = {Supplements to the Textual History of the Bible},
    shortseries = {THBSup},
    number = {1},
    location = {Leiden},
    publisher = {Brill},
    year = {2016},
    pages = {428--448}
}
@book{Teeter2014,
    author = {David Andrew Teeter},
    title = {Scribal Laws: Exegetical Variation in the Textual Transmission of Biblical Law in the Late {S}econd {T}emple Period},
    shorttitle = {Scribal Laws},
    series = {Forschungen zum Alten Testament},
    shortseries = {FAT},
    number = {92},
    location = {Tübingen},
    publisher = {Mohr Siebeck},
    year = {2014}
}
@article{Tov2018,
    author = {Emanuel Tov},
    title = {The Socio-Religious Setting of the (Proto-){M}asoretic Text},
    shorttitle = {Socio-Religious Setting},
    series = {Textus},
    volume = {27},
    year = {2018},
    pages = {135--153}
}
@book{Matassa2018,
    author = {Lidia D. Matassa},
    title = {Invention of the First-Century Synagogue},
    shorttitle = {Invention},
    editor = {Jason M. Silverman and J. Murray Watson},
    series = {Ancient Near East Monographs},
    shortseries = {ANEM},
    number = {22},
    location = {Atlanta, GA},
    publisher = {SBL Press},
    year = {2018}
}
@book{Wise2015,
    author = {Michael Owen Wise},
    title = {Language and Literacy in {R}oman {J}udaea: A Study of the {B}ar {K}okhba Document},
    shorttitle = {Language and Literacy in {R}oman {J}udaea},
    series = {Anchor Yale Bible Reference Library},
    shortseries = {ABRL},
    number = {22},
    location = {New Haven, CT},
    publisher = {Yale University Press},
    year = {2015}
}
@book{Kitchen2003,
    author = {K. A. Kitchen},
    title = {On the Reliability of the {O}ld {T}estament},
    shorttitle = {Reliability},
    location = {Grand Rapids, MI},
    publisher = {Eerdmans},
    year = {2003}
}
@article{Graves2003,
    author = {Michael Graves},
    title = {The Origin of \emph{Ketiv}-\emph{Qere} Readings},
    shorttitle = {Origin},
    journal = {TC: A Journal of Biblical Textual Criticism},
    shortjournal = {TC},
    volume = {8},
    year = {2003}
}
@book{Mor2016,
    author = {Menahem Mor},
    title = {The Second {J}ewish Revolt: The {B}ar {K}okhba {W}ar, 132–136 {CE}},
    shorttitle = {Second {J}ewish Revolt},
    series = {Brill Reference Library of Judaism},
    shortseries = {BRLA},
    number = {70},
    location = {Leiden},
    publisher = {Brill},
    year = {2016}
}
@book{JS2015,
    author = {Karen H. Jobes and Moisés Silva},
    title = {Invitation to the {S}eptuagint},
    shorttitle = {Invitation},
    edition = {2},
    location = {Grand Rapids, MI},
    publisher = {Baker Academic},
    year = {2015}
}
@book{Hendel1998,
    author = {Ronald S. Hendel},
    title = {The Text of {G}enesis 1–11: Textual Studies and Critical Edition},
    shorttitle = {Text of {G}enesis 1–11},
    location = {Oxford},
    publisher = {University Press},
    year = {1998}
}
@book{Tov2015,
    author = {Emanuel Tov},
    title = {The Text-Critical Use of the {S}eptuagint in Biblical Research},
    shorttitle = {Text-Critical Use},
    edition = {3},
    location = {Winona Lake, IN},
    publisher = {Eisenbrauns},
    year = {2015}
}
@incollection{Talmon2010-1,
    author = {Shemaryahu Talmon},
    title = {The Paleo-{H}ebrew Alphabet and Biblical Textual Criticism},
    shorttitle = {Paleo-{H}ebrew Alphabet},
    booktitle = {Text and Canon of the Hebrew Bible: Collected Studies},
    location = {Winona Lake, IN},
    publisher = {Eisenbrauns},
    year = {2010},
    pages = {125--170}
}
@incollection{Talmon2010-2,
    author = {Shemaryahu Talmon  [Winona Lake, IN: Eisenbrauns, 2010], 323–327},
    title = {An Apparently Redundant Reading in the {M}asoretic Text ({J}er 1:18)},
    shorttitle = {Apparently Redundant Reading},
    booktitle = {Text and Canon of the Hebrew Bible: Collected Studies},
    location = {Winona Lake, IN},
    publisher = {Eisenbrauns},
    year = {2010},
    pages = {323--327}
}
@book{VTH,
    editor = {Benjamin Kennicott},
    title = {{V}etus {T}estamentum {H}ebraicum cum Variis Lectionibus},
    shorttitle = {{V}etus {T}estamentum {H}ebraicum},
    volumes = {2},
    location = {Oxford},
    publisher = {Clarendon},
    year = {1776--1780}
}
@book{RH2007,
    editor = {Alfred Rahlfs and Robert Hanhart},
    title = {Septuaginta},
    edition = {revised},
    location = {Stuttgart},
    publisher = {Deutsche Bibelgesellschaft},
    year = {2007}
}
@book{Miles1985,
    author = {John Russiano Miles},
    title = {Retroversion and Text Criticism: The Predictability of Syntax in an Ancient Translation from {G}reek to {E}thiopic},
    shorttitle = {Retroversion and Text Criticism},
    series = {SBL Septuagint and Cognate Studies},
    shortseries = {SBLSCS},
    number = {17},
    location = {Atlanta, GA},
    publisher = {Scholars Press},
    year = {1985}
}
@phdthesis{Longacre2015,
    author = {Drew Longacre},
    title = {A Contextualized Approach to the {H}ebrew {D}ead {S}ea Scrolls Containing {E}xodus},
    shorttitle = {Contextualized Approach},
    school = {University of Birmingham},
    year = {2015}
}
@incollection{Longacre2013,
    author = {Drew Longacre},
    title = {Scribal Approaches to Damaged Manuscripts: Not Just a Modern Dilemma},
    shorttitle = {Scribal Approaches to Damaged Manuscripts},
    booktitle = {The Dead Sea Scrolls and the Study of the Humanities. Method, Theory, Meaning: Proceedings of the Eighth Meeting of the International Organization for Qumran Studies (Munich, 4–7 August, 2013)},
    series = {Studies on the Texts of the Desert of Judah},
    shortseries = {STDJ},
    number = {125},
    location = {Leiden},
    publisher = {Brill},
    year = {2013},
    pages = {141--164}
}
@incollection{Robinson2002,
    author = {Maurice A. Robinson},
    title = {The Case for {B}yzantine Priority},
    shorttitle = {Case},
    booktitle = {Rethinking New Testament Textual Criticism},
    editor = {David Alan Black},
    location = {Grand Rapids, MI},
    publisher = {Baker Academic},
    year = {2002},
    pages = {125--139}
}
@article{Quine2017,
    author = {Cat Quine},
    title = {The Bird and the Mountains: A Note on {P}salm 11},
    shorttitle = {The Bird and the Mountains},
    journal = {Vetus Testamentum},
    shortjournal = {VT},
    volume = {67},
    number = {3},
    year = {2017},
    pages = {470--479}
}
@book{Allen74,
    author = {Leslie C. Allen},
    title = {The {G}reek {C}hronicles: The Relation of the {S}eptuagint of {I} and {II} {C}hronicles to the {M}assoretic Text. Volume 2: Textual Criticism},
    shorttitle = {{G}reek {C}hronicles, vol. 2},
    series = {Supplements to \emph{Vetus Testamentum}},
    shortseries = {VTSup},
    number = {27},
    location = {Leiden},
    publisher = {Brill},
    year = {1974}
}
@article{Gaebelein1990,
    author = {Paul W. Gaebelein},
    title = {{P}salm 34 and Other Biblical Acrostics: Evidence from the {A}leppo {C}odex},
    shorttitle = {{P}salm 34 and Other Biblical Acrostics},
    journal = {Maarav},
    volume = {5--6},
    year = {1990},
    pages = {127--143}
}
@book{Robinson1947,
    author = {Theodore H. Robinson},
    title = {The Poetry of the {O}ld {T}estament},
    shorttitle = {Poetry},
    location = {London},
    publisher = {Gerald Duckworth},
    year = {1947}
}
@misc{Rendsburg2010,
    author = {Gary A. Rendsburg},
    title = {The Halakhic Letter-Rituals Define the Sect},
    shorttitle = {Halakhic Letter-Rituals},
    howpublished = {lecture 17 in \emph{The Dead Sea Scrolls}, The Great Courses},
    location = {Chantilly, VA},
    publisher = {The Teaching Company},
    year = {2010}
}
@book{Gesenius1910,
    editor = {E. Kautzsch and A. E. Cowley},
    title = {Gesenius' {H}ebrew Grammar},
    edition = {2},
    location = {Oxford},
    publisher = {Clarendon},
    year = {1910}
}
@incollection{Fassberg2012,
    author = {Steven E. Fassberg},
    title = {The Kethiv/Qere הִוא, Diachrony, and Dialectology},
    booktitle = {Diachrony in Biblical Hebrew},
    editor = {C. L. Miller-Naudé and Ziony Zevit},
    series = {Linguistic Studies in Ancient West Semitic},
    shortseries = {LSAWS},
    number = {8},
    location = {Winona Lake, IN},
    publisher = {Eisenbrauns},
    year = {2012},
    pages = {171--189}
}
@book{Block2013,
    author = {Daniel I. Block},
    title = {The Gods of the Nations: A Study in Ancient Near Eastern National Theology},
    shorttitle = {Gods of the Nations},
    edition = {2},
    location = {Eugene, OR},
    publisher = {Wipf and Stock},
    year = {2013}
}
@book{Woods2011,
    author = {Edward J. Woods},
    title = {Deuteronomy},
    series = {Tyndale Old Testament Commentaries},
    shortseries = {TOTC},
    number = {5},
    location = {Downer's Grove, IL},
    publisher = {InterVarsity},
    year = {2011}
}
@incollection{Berkovitz2017,
    author = {Abraham J. Berkovitz},
    title = {Missing and Misplaced? Omission and Transposition in the Book of Jubilees},
    shorttitle = {Missing and Misplaced},
    booktitle = {HĀ-'ÎSH MŌSHE: Studies in Scriptural Interpretation in the Dead Sea Scrolls and Related Literature in Honor of Moshe J. Bernstein},
    editor = {Binyamin Y. Goldstein and Michael Segal and George J. Brooke},
    series = {Studies on the Texts of the Desert of Judah},
    shortseries = {STDJ},
    number = {122},
    location = {Leiden},
    publisher = {Brill},
    year = {2017},
    pages = {40--63}
}
@book{Pisano1984,
    author = {Stephen Pisano},
    title = {Additions or Omissions in the Books of {S}amuel: The Significant Pluses and Minuses in the {M}assoretic, {LXX} and {Q}umran Texts},
    shorttitle = {Additions or Omissions in the Books of {S}amuel},
    location = {Göttingen},
    publisher = {Vandenhoeck and Ruprecht},
    year = {1984}
}
@book{Stipp2015,
    author = {Hermann-Josef Stipp},
    title = {Studien zum {J}eremiabuch: Text und Redaktion},
    shorttitle = {Studien zum {J}eremiabuch},
    series = {Forschungen zum Alten Testament},
    shortseries = {FAT},
    number = {96},
    location = {Tübingen},
    publisher = {Mohr Siebeck},
    year = {2015}
}
@book{DeTroyer2003,
    author = {Kristin {De Troyer}},
    title = {Rewriting the Sacred Text},
    shorttitle = {Rewriting},
    location = {Atlanta, GA},
    publisher = {Society of Biblical Literature},
    year = {2003}
}
@book{Talshir2001,
    author = {Zipora Talshir},
    title = {1 {E}sdras: A Text Critical Commentary},
    shorttitle = {1 {E}sdras},
    series = {SBL Septuagint and Cognate Studies},
    shortseries = {SBLSCS},
    number = {50},
    location = {Atlanta, GA},
    publisher = {Society of Biblical Literature},
    year = {2001}
}
@book{Janzen1973,
    author = {J. Gerald Janzen},
    title = {Studies in the Text of Jeremiah},
    shorttitle = {Studies},
    series = {Harvard Semitic Monographs},
    shortseries = {HSM},
    number = {6},
    location = {Cambridge, MA},
    publisher = {Harvard University Press},
    year = {1973}
}
@book{CAH3.2,
    editor = {John Boardman and I. E. S. Edwards and N. G. L. Hammond and E. Sollberger},
    title = {The Cambridge Ancient History},
    shorttitle = {Cambridge Ancient History 3.2},
    volume = {3.2: The Assyrian and Babylonian Empires and Other States of the Near East, from the Eighth to the Sixth Centuries BC},
    edition = {2},
    location = {Cambridge},
    publisher = {University Press},
    year = {2003}
}
@book{ADWJV2019,
    editor = {B. Albrektson and S. Dedering and D. M. Walter and K. D. Jenner and J. G. Veldman},
    title = {The Old Testament in Syriac according to the Peshiṭta Version, Part {III} Fasc. 2. Jeremiah – Lamentations – Epistle of Jeremiah – Epistle of Baruch – Baruch},
    shorttitle = {Old Testament in Syriac according to the Peshiṭta Version {III}.2},
    location = {Leiden},
    publisher = {Brill},
    year = {2019}
}
@book{Vorm-Croughs2014,
    author = {Mirjam van der Vorm-Croughs},
    title = {The {O}ld {G}reek of {I}saiah: An Analysis of Its Pluses and Minuses},
    shorttitle = {{O}ld {G}reek of {I}saiah},
    series = {SBL Septuagint and Cognate Studies},
    shortseries = {SBLSCS},
    number = {61},
    location = {Atlanta, GA},
    publisher = {Society of Biblical Literature},
    year = {2014}
}
@book{Flint1997,
    author = {Peter W. Flint},
    title = {The {D}ead {S}ea {P}salms Scrolls and the Book of {P}salms},
    shorttitle = {{D}ead {S}ea {P}salms Scrolls},
    series = {Studies on the Texts of the Desert of Judah},
    shortseries = {STDJ},
    number = {17},
    location = {Leiden},
    publisher = {Brill},
    year = {1997}
}
@incollection{Cox2014,
    author = {Claude E. Cox},
    title = {Does a Shorter {H}ebrew Parent Text Underlie {O}ld {G}reek {J}ob?},
    booktitle = {In the Footsteps of Sherlock Holmes: Studies in the Biblical Text in Honour of Anneli Aejmelaeus},
    editor = {Kristin De Troyer and T. M. Law and M. Liljeström},
    series = {Contributions to Biblical Exegesis \& Theology},
    shortseries = {CBET},
    number = {72},
    location = {Leuven},
    publisher = {Peeters},
    year = {2014},
    pages = {449--460}
}
@article{Tov1995,
    author = {Emanuel Tov},
    title = {Excerpted and Abbreviated Biblical Texts from {Q}umran},
    shorttitle = {Excerpted and Abbreviated Biblical Texts},
    series = {Revue de Qumrân},
    volume = {16},
    number = {4},
    year = {1995},
    pages = {581--600}
}
@book{Cohen2014,
    author = {Shaye J. D. Cohen},
    title = {From the {M}accabees to the {M}ishnah},
    shorttitle = {From the {M}accabees},
    edition = {3},
    location = {Louisville, KY},
    publisher = {Westminster John Knox},
    year = {2014}
}
@book{Kahana2005,
    author = {Hanna Kahana},
    title = {Esther: Juxtaposition of the {S}eptuagint Translation with the {H}ebrew Text},
    shorttitle = {Esther},
    series = {Contributions to Biblical Exegesis \& Theology},
    shortseries = {CBET},
    number = {40},
    location = {Leuven},
    publisher = {Peeters},
    year = {2005}
}
@book{Fried2011,
    editor = {Lisbeth S. Fried},
    title = {Was 1 {E}sdras First? An Investigation into the Priority and Nature of 1 Esdras},
    shorttitle = {Was 1 {E}sdras First},
    series = {Contributions to Biblical Exegesis \& Theology},
    shortseries = {AIL},
    number = {7},
    location = {Atlanta, GA},
    publisher = {Society of Biblical Literature},
    year = {2011}
}